@book{BISHOP,
 author = {Bishop, Christopher M.},
 title = {Pattern Recognition and Machine Learning (Information Science and Statistics)},
 year = {2006},
 isbn = {0387310738},
 publisher = {Springer-Verlag},
 address = {Berlin, Heidelberg},
 url = {https://www.microsoft.com/en-us/research/people/cmbishop/prml-book/}
}

@book{PRESS,
 author = {Press, William H. and Teukolsky, Saul A. and Vetterling, William T. and
                  Flannery, Brian P.},
 title = {Numerical Recipes 3rd Edition: The Art of Scientific Computing},
 year = {2007},
 isbn = {0521880688, 9780521880688},
 edition = {3},
 publisher = {Cambridge University Press},
 address = {New York, NY, USA},
}

@book{RASMUSSEN,
 author = {Rasmussen, Carl Edward and Williams, Christopher K. I.},
 title = {Gaussian Processes for Machine Learning (Adaptive Computation and Machine
                  Learning)},
 year = {2005},
 isbn = {026218253X},
 publisher = {The MIT Press},
}

@book{BARBER,
 author = {Barber, David},
 title = {Bayesian Reasoning and Machine Learning},
 year = {2012},
 isbn = {0521518148},
 publisher = {Cambridge University Press}
}